%% This BibTeX bibliography file was created using BibDesk.
%% http://bibdesk.sourceforge.net/


%% Created for Marvin Rausand at 2014-08-12 10:34:20 +0200 


%% Saved with string encoding Unicode (UTF-8) 

@book{Stuart,
author = {Stuart Coles},
title = {An Introduction to Statistical Modeling of Extreme Values},
publisher = {Springer},
year = {2001},
}

@book{compstat,
	author={Givens H., Geof and Hoeting A., Jennifer},
	title={Computational Statistics},
	publisher={John & Sons},
	edition  ={2nd},
	year={2013},
}

@book{MCMC,
	author={Gamerman, Dani and Lopes Freitas, Hedibert},
	title={Markov Chain Monte Carlo: Stochastic Simulation for Bayesian Inference},
	publisher={Champman & Hall/CRC},
	edition={2nd},
	year={2006},
}

@article{arvid,
	author={N\{ae}ss,Arvid and Gaidai, Oleg and Karpa, Oleh},
	title={Estimation of Extreme Value by the Average Conditional Exceedance Rate Method},
	journal={Journal of Probability and Statistics},
	year={2013},
}

@article{kai,
	author={Dahlen, Kai Erik and Solibakke Bjarte, Per and Westgaard, Sjur and N\{ae}ss, Arvid},
	title={On the Estimation of Extreme Values for Risk Assessment and Management: The ACER Method},
	journal={International Journal of Business},
	year{2015}
}

@Manual{r,
    title = {R: A Language and Environment for Statistical Computing},
    author = {{R Core Team}},
    organization = {R Foundation for Statistical Computing},
    address = {Vienna, Austria},
    year = {2016},
    note = {{ISBN} 3-900051-07-0},
    url = {http://www.R-project.org/},
}

@Manual{rcpp,
    title = {Rcpp: Seamless R and C++ Integration},
    author = {Eddelbuettel, Dirk and Francois, Romain and Allaire, JJ and Ushey, Kevin and Kou, Qiang and Bates, Douglas and  Chambers, John},
    year = {2016},
    url = {https://cran.r-project.org/web/packages/Rcpp/index.html},
}

@misc{Matlab,
  author = {Oleh Karpa},
  title = {{ACER MATLAB routine}},
  howpublished = "\url{http://folk.ntnu.no/karpa/ACER/ACER_MATLAB_routine.rar}",
  year = {2012}
}

@unpublished{racer,
	author	= {Roedvei Kofoed, Kristoffer},
	title	= {ACER R Packaged},
	year	= {2015},
	note	= {unpublished},
}




%@book{rausand14,
%	Address = {Hoboken, NJ},
%	Author = {Rausand, Marvin},
%	Date-Added = {2014-08-12 08:32:25 +0000},
%	Date-Modified = {2014-08-12 08:33:48 +0000},
%	Publisher = {Wiley},
%	Title = {Reiability of Safety-Critical Systems: Theory and Applications},
%	Year = {2014}}
%
%@article{lundteigen08,
%	Author = {Lundteigen, Mary Ann and Rausand, Marvin},
%	Date-Added = {2011-06-16 13:34:45 +0200},
%	Date-Modified = {2011-06-16 13:34:45 +0200},
%	Journal = {Reliability Engineering and System Safety},
%	Pages = {1208--1217},
%	Title = {Spurious activation of safety instrumented systems in the oil and gas industry: Basic concepts and formulas},
%	Volume = {93},
%	Year = {2008}}
%
%@book{rausand04,
%	Address = {Hoboken, NJ},
%	Author = {Rausand, Marvin and H{\o}yland, Arnljot},
%	Date-Added = {2011-06-16 11:53:55 +0200},
%	Date-Modified = {2011-06-16 11:55:09 +0200},
%	Edition = {2nd},
%	Publisher = {Wiley},
%	Title = {System Reliability Theory: Models, Statistical Methods, and Applications},
%	Year = {2004}}
